=LDR  00413nam  22001575a 4500
=001  003731448
=003  NNU
=005  20130318131419.0
=008  130318s2012\\\\tu\\\\\\\\\\\\000\0\tur\d
=FMT  \\BK
=020  \\$a9789944798204
=040  \\$aNNU$beng$cNNU
=100  1\$aBey, Muhammad Seyyid.
=245  10$aUsul-i Fikih Derslerinde Irade Kaza ve Kader.
=260  \\$a[S.l.] :$b[S.n.],$c2012.
=852  0\$aNNU$bBOBST$cMAIN$p31142053116227

