=LDR  00503nam  22001935i 4500
=001  003833442
=003  NNU
=005  00000000000000.0
=008  130913s2013\\\\tu\\\\\\\\\\\\000\0\tur\d
=FMT  \\BK
=020  \\$a9786055125141
=035  \\$a(isis)2013/22207
=035  7\$aisis2013/2-2-207
=040  \\$aNNU$cNNU
=100  1\$aSılay, Mehmet
=245  10$aBabaeski müftüsü Ali Rıza Efendi, bir hukuk cinayeti :
=260  \\$aIstanbul$bDüşün$c2013
=300  \\$a232 p.
=852  0\$aNNU$bBOBST$cMAIN$p31142052932970

