=LDR  00475nam  22001935i 4500
=001  003920746
=003  NNU
=005  00000000000000.0
=008  130110s2013\\\\tu\\\\\\\\\\\\000\0\tur\d
=FMT  \\BK
=020  \\$a9944222945
=035  \\$a(isis)2013/945
=035  7\$aisis2013/9-45
=040  \\$aNNU$cNNU
=100  1\$aBiçen, İsmail
=245  10$aDağın ardı. Anı & roman :
=260  \\$aDiyarbakır-Istanbul$bAram$c2013
=300  \\$a108 p.
=852  0\$aNNU$bBOBST$cMAIN$p31142056288320

