=LDR  00499nam  22001695i 4500
=001  003920878
=003  NNU
=005  00000000000000.0
=008  130110s2008\\\\tu\\\\\\\\\\\\000\0\tur\d
=FMT  \\BK
=035  \\$a(isis)2013/9196
=035  7\$aisis2013/9-196
=040  \\$aNNU$cNNU
=245  10$aSabahattin Zaim'i anlama sempozyumu (I) Tebliğler kitabı, 20 Aralık 2008, Bağlarbaşı Kültür Merkezi, Üsküdar :
=260  \\$aIstanbul$bİkder$c2008
=300  \\$a154 p.
=852  0\$aNNU$bBOBST$cMAIN$p31142056305389

