=LDR  00500nam  22001935i 4500
=001  003920880
=003  NNU
=005  00000000000000.0
=008  130110s2013\\\\tu\\\\\\\\\\\\000\0\tur\d
=FMT  \\BK
=020  \\$a9786054777266
=035  \\$a(isis)2013/9198
=035  7\$aisis2013/9-198
=040  \\$aNNU$cNNU
=100  1\$aSağlar, Fikri
=245  10$aİçerden. AKP politikaları ve "sıkışan" Türkiye :
=260  \\$aIstanbul$bSiyah Beyaz$c2013
=300  \\$a488 p.
=852  0\$aNNU$bBOBST$cMAIN$p31142056304382

