=LDR  00457nam  22001935i 4500
=001  003929990
=003  NNU
=005  00000000000000.0
=008  140130s2013\\\\tu\\\\\\\\\\\\000\0\tur\d
=FMT  \\BK
=020  \\$a6054569076
=035  \\$a(isis)2013/880
=035  7\$aisis2013/8-80
=040  \\$aNNU$cNNU
=100  1\$aSinanoğlu, Oktay
=245  10$aAdam :
=260  \\$aIstanbul$bBilim + Gönül$c2013
=300  \\$aX + 305 p.
=852  0\$aNNU$bBOBST$cMAIN$p31142056310108

