=LDR  00468nam  22001935i 4500
=001  003929994
=003  NNU
=005  00000000000000.0
=008  140130s2013\\\\tu\\\\\\\\\\\\000\0\tur\d
=FMT  \\BK
=020  \\$a9753298551
=035  \\$a(isis)2013/886
=035  7\$aisis2013/8-86
=040  \\$aNNU$cNNU
=100  1\$aŞüyün, Faruk
=245  10$a101 ustadan hayatın"şey"leri :
=260  \\$aIstanbul$bOğlak$c2013
=300  \\$a214 p.
=852  0\$aNNU$bBOBST$cMAIN$p31142055777760

