=LDR  00496nam  22001935i 4500
=001  003965386
=003  NNU
=005  00000000000000.0
=008  140312s2014\\\\tu\\\\\\\\\\\\000\0\tur\d
=FMT  \\BK
=020  \\$a6058618503
=035  \\$a(isis)2014/194
=035  7\$aisis2014/1-94
=040  \\$aNNU$cNNU
=100  1\$aGezici, Aytekin
=245  10$aCemaat fobia. Dünyada İslamafobia, Türkiye'de cemaatfobia :
=260  \\$aIstanbul$bKlas$c2014
=300  \\$a246 p.
=852  0\$aNNU$bBOBST$cMAIN$p31142056368486

