=LDR  00778nam  22001815i 4500
=001  004027680
=003  NNU
=005  00000000000000.0
=008  140814s2012\\\\tu\\\\\\\\\\\\000\0\tur\d
=FMT  \\BK
=035  \\$a(isis)2014/6247
=035  7\$aisis2014/6-247
=040  \\$aNNU$cNNU
=100  1\$aAhmet Aytaç (Ed)
=245  10$aUluslararası (IV.) Türk el dokumaları (tekstil) gelenekli sanatlar kongresi sanat etkinlikleri / IV. International Turkish textile (hand wovens) and traditional arts congress - Art activity congress. 02-05.10.2012, Bakü, Konya Selçuklu halıları anısına "Letif Kerimov ve Oğuz Sakarya Armağanı" :
=260  \\$bAzerbaycan\U+2026\ / Selçuk Üniversitesi / Istanbul Halı Kilim Derneği$c2012
=300  \\$a404 p.
=852  0\$aNNU$bBOBST$cMAIN$p31142057810254

