=LDR  00487nam  22001935i 4500
=001  004051426
=003  NNU
=005  00000000000000.0
=008  141010s2014\\\\tu\\\\\\\\\\\\000\0\tur\d
=FMT  \\BK
=020  \\$a6053240679
=035  \\$a(isis)2014/782
=035  7\$aisis2014/7-82
=040  \\$aNNU$cNNU
=100  1\$aUğur Durmaz
=245  10$aBalıkesir köy seyirlik oyunları üzerine bir inceleme :
=260  \\$aAnkara$bGece$c2014
=300  \\$a134 p.
=852  0\$aNNU$bBOBST$cMAIN$p31142056212270

