=LDR  00498nam  22001935i 4500
=001  004092880
=003  NNU
=005  20160208145543.0
=008  150107s2014\\\\tu\\\\\\\\\\\\000\0\tur\d
=FMT  \\BK
=020  \\$a9786055262624
=035  \\$a(isis)2014/8193
=035  7\$aisis2014/8-193
=040  \\$aNNU$cNNU
=100  1\$aİlyas Üstünyer
=245  10$aGürcü türkolojisinin kurucusu: Sergi Cikia :
=260  \\$aKonya$bPalet Yayınları$c2014
=300  \\$a132 p.
=852  0\$aNNU$bBOBST$cMAIN$p31142056618849

