=LDR  00498nam  22001935i 4500
=001  004092891
=003  NNU
=005  00000000000000.0
=008  150107s2014\\\\tu\\\\\\\\\\\\000\0\tur\d
=FMT  \\BK
=020  \\$a9789753439077
=035  \\$a(isis)2014/8204
=035  7\$aisis2014/8-204
=040  \\$aNNU$cNNU
=100  1\$aCan Ataklı
=245  10$aTürkiye yanıyor. Erdoğan'ın terörle dansı :
=260  \\$aIstanbul$bKaynak Yayınları$c2014
=300  \\$a341 p.
=852  0\$aNNU$bBOBST$cMAIN$p31142056618922

