=LDR  00479nam  22001935i 4500
=001  004092904
=003  NNU
=005  00000000000000.0
=008  150107s2014\\\\tu\\\\\\\\\\\\000\0\tur\d
=FMT  \\BK
=020  \\$a9786054878215
=035  \\$a(isis)2014/8217
=035  7\$aisis2014/8-217
=040  \\$aNNU$cNNU
=100  1\$aSabahattin Selim Erhan
=245  10$aKaradenizin zemheri çocukları :
=260  \\$aAnkara$bDipnot$c2014
=300  \\$a408 p.
=852  0\$aNNU$bBOBST$cMAIN$p31142056619045

