=LDR  00477nam  22001935i 4500
=001  004092906
=003  NNU
=005  00000000000000.0
=008  150107s2014\\\\tu\\\\\\\\\\\\000\0\tur\d
=FMT  \\BK
=020  \\$a9786056444111
=035  \\$a(isis)2014/8219
=035  7\$aisis2014/8-219
=040  \\$aNNU$cNNU
=100  1\$aErdal Sarızeybek
=245  10$aBüyük suikast :
=260  \\$aIstanbul$bSarızeybek Yayınları$c2014
=300  \\$a471 p.
=852  0\$aNNU$bBOBST$cMAIN$p31142056619060

