=LDR  00501nam  22001935i 4500
=001  004102833
=003  NNU
=005  00000000000000.0
=008  150213s2014\\\\tu\\\\\\\\\\\\000\0\tur\d
=FMT  \\BK
=020  \\$a9789750617546
=035  \\$a(isis)2014/978
=035  7\$aisis2014/9-78
=040  \\$aNNU$cNNU
=100  1\$aAli Ekrem Özkul (Ed)
=245  10$aAçıköğretimle 30 yıl :
=260  \\$aEskişehir$bAnadolu Üniversitesi Yayınları$c2014
=300  \\$a244 p.
=852  0\$aNNU$bBOBST$cMAIN$p31142056544003

