=LDR  00498nam  22001935i 4500
=001  004102849
=003  NNU
=005  00000000000000.0
=008  150213s2014\\\\tu\\\\\\\\\\\\000\0\tur\d
=FMT  \\BK
=020  \\$a9786059907019
=035  \\$a(isis)2014/997
=035  7\$aisis2014/9-97
=040  \\$aNNU$cNNU
=100  1\$aHacı Ali Özturan
=245  10$aMaraş merkez ağzında kullanılan deyimler :
=260  \\$aKahramanmaraş$bNoya Medya$c2014
=300  \\$a272 p.
=852  0\$aNNU$bBOBST$cMAIN$p31142056544169

