=LDR  00533nam  22001935i 4500
=001  004211442
=003  NNU
=005  20151207112703.0
=008  151130s2015\\\\tu\\\\\\\\\\\\000\0\tur\d
=FMT  \\BK
=020  \\$a9789756779811
=035  \\$a(isis)2015/740
=035  7\$aisis2015/7-40
=040  \\$aNNU$cNNU
=100  1\$aYaşar Nuri Öztürk
=245  10$aSaltanat dinciliğinin öncüsü Firavun (Çağdaş firavunları tanıma kılavuzu) :
=260  \\$aIstanbul$bYeni Boyut$c2015
=300  \\$a224 p.
=852  0\$aNNU$bBOBST$cMAIN$p31142059879380

