=LDR  00460nam  22001935i 4500
=001  004211476
=003  NNU
=005  20151207113334.0
=008  151130s2015\\\\tu\\\\\\\\\\\\000\0\tur\d
=FMT  \\BK
=020  \\$a9786054907625
=035  \\$a(isis)2015/774
=035  7\$aisis2015/7-74
=040  \\$aNNU$cNNU
=100  1\$aÜnver Oral (Haz)
=245  10$aCanlı karagöz :
=260  \\$aIstanbul$bKitabevi$c2015
=300  \\$a471 p.
=852  0\$aNNU$bBOBST$cMAIN$p31142060736181

