=LDR  00483nam  22001935i 4500
=001  004211482
=003  NNU
=005  20151207112057.0
=008  151130s2015\\\\tu\\\\\\\\\\\\000\0\tur\d
=FMT  \\BK
=020  \\$a9789944330206
=035  \\$a(isis)2015/780
=035  7\$aisis2015/7-80
=040  \\$aNNU$cNNU
=100  1\$aHasan Sağlam
=245  10$aYasak mıntıkanın çocukları :
=260  \\$aIstanbul$bTotem Yayıncılık$c2015
=300  \\$a211 p.
=852  0\$aNNU$bBOBST$cMAIN$p31142059879455

